@book{Marr1982,
	title = {Vision: {A} {Computational} {Approach}},
	address = {Boston, MA},
	publisher = {MIT Press},
	author = {Marr, David},
	year = {1982}
}

@phdthesis{Moss2019a,
	address = {Lausanne, Switzerland},
	type = {Doctoral {Dissertation}},
	title = {Transitions of {Tonality}: {A} {Model}-{Based} {Corpus} {Study}},
	school = {École Polytechnique Fédérale de Lausanne},
	author = {Moss, Fabian C.},
	year = {2019},
	doi = {10.5075/epfl-thesis-9808}
}

@article{Harasim2020,
	title = {Exploring the foundations of tonality: {Statistical} cognitive modeling of modes in the history of {Western} classical music},
	journal = {Humanities \& Social Sciences Communications},
	author = {Harasim, Daniel and Moss, Fabian C. and Ramirez, Matthias and Rohrmeier, Martin},
	year = {in press}
}

@article{Moss2019b,
	title = {Statistical characteristics of tonal harmony: a corpus study of {Beethoven}'s string quartets},
	volume = {14},
	copyright = {All rights reserved},
	doi = {10.1371/journal.pone.0217242},
	number = {6},
	journal = {PLoS ONE},
	author = {Moss, Fabian C. and Neuwirth, Markus and Harasim, Daniel and Rohrmeier, Martin},
	year = {2019},
	pages = {e0217242}
}


@book{Huron2006,
	title = {Sweet anticipation: {Music} and the psychology of expectation},
	publisher = {MIT Press},
	author = {Huron, David},
	year = {2006}
}

@article{Huron2001,
	title = {Tone and {Voice}: {A} {Derivation} of the {Rules} of {Voice}-{Leading} from {Perceptual} {Principles}},
	volume = {19},
	doi = {10.1525/mp.2001.19.1.1},
	number = {1},
	journal = {Music Perception: An Interdisciplinary Journal},
	author = {Huron, David},
	year = {2001},
	pmid = {14},
	pages = {1--64}
}

@inproceedings{Cuthbert2010,
	address = {Utrecht},
	title = {music21: {A} {Toolkit} for {Computer}-{Aided} {Musicology} and {Symbolic} {Music} {Data}},
	booktitle = {11th {International} {Society} for {Music} {Information} {Retrieval} {Conference} ({ISMIR} 2010)2},
	publisher = {Inernational Society for Music Information Retrieval},
	author = {Cuthbert, Michael Scott and Ariza, Christopher},
	editor = {Downie, J. Stephen and Veltkamp, Remco C.},
	year = {2010},
	pages = {637--642}
}

@article{Pugin2015,
	title = {The {Challenge} of {Data} in {Digital} {Musicology}},
	volume = {2},
	doi = {10.3389/fdigh.2015.00004},
	urldate = {2018-11-27},
	journal = {Frontiers in Digital Humanities},
	author = {Pugin, Laurent},
	year = {2015},
	pages = {4}
}


@article{London2013,
	title = {Building a {Representative} {Corpus} of {Classical} {Music}},
	volume = {31},
	doi = {10.1525/mp.2013.31.1.68},
	number = {1},
	urldate = {2018-03-05},
	journal = {Music Perception: An Interdisciplinary Journal},
	author = {London, Justin},
	year = {2013},
	note = {Publisher: University of California Press Journals},
	pages = {68--90}
}



@article{Temperley2013a,
	title = {Introduction to the special issues on corpus methods},
	volume = {31},
	doi = {10.1525/MP.2013.31.1.1},
	number = {1},
	journal = {Music Perception: An Interdisciplinary Journal},
	author = {Temperley, David and VanHandel, Leigh},
	year = {2013},
	keywords = {Corpus Analysis},
	pages = {1--3}
}


@misc{Schaffer2016,
	title = {What is computational musicology?},
	url = {https://medium.com/@krisshaffer/what-is-computational-musicology-f25ee0a65102},
	author = {Schaffer, Kris},
	year = {2016}
}


@article{Piantadosi2014,
	title = {Zipf's word frequency law in natural language: a critical review and future directions.},
	volume = {21},
	issn = {1531-5320},
	url = {http://www.ncbi.nlm.nih.gov/pubmed/24664880},
	doi = {10.3758/s13423-014-0585-6},
	number = {5},
	journal = {Psychonomic {B}ulletin \& {R}eview},
	author = {Piantadosi, Steven T},
	year = {2014},
	pmid = {24664880},
	pages = {1112--30},
}

@article{Li2002,
	title = {Zipf's {Law} {Everywhere}},
	volume = {5},
	language = {en},
	journal = {Glottometrics},
	author = {Li, Wentian},
	year = {2002},
	pages = {14--21},
}


@book{Huron2016,
	address = {Boston, MA},
	title = {Voice-{Leading}: {The} {Science} {Behind} a {Musical} {Art}},
	publisher = {MIT Press},
	author = {Huron, David},
	year = {2016}
}

@article{Moss2017,
	title = {[{Review} of {David} {Huron}. {Voice} {Leading}: {The} {Science} behind a {Musical} {Art}]},
	volume = {4},
	copyright = {All rights reserved},
	doi = {https://doi.org/10.11116/MTA.4.1.7 1},
	number = {1},
	journal = {Music Theory \& Analysis},
	author = {Moss, Fabian C.},
	year = {2017},
	pages = {119--130},
}

@book{Bernstein1976,
	address = {Boston, MA},
	title = {The unanswered question: {Six} talks at {Harvard}},
	publisher = {Harvard University Press},
	author = {Bernstein, L},
	year = {1976}
}

@book{Lerdahl1983,
	address = {Cambridge, MA},
	title = {A {Generative} {Theory} of {Tonal} {Music}},
	language = {en},
	publisher = {MIT Press},
	author = {Lerdahl, Fred and Jackendoff, Ray S.},
	year = {1983},
}

@article{Rohrmeier2011,
	title = {Towards a generative syntax of tonal harmony},
	volume = {5},
	doi = {10.1080/17459737.2011.573676},
	number = {1},
	journal = {Journal of Mathematics and Music},
	author = {Rohrmeier, Martin},
	year = {2011},
	pages = {35--53},
}

@book{Lerdahl2001,
	address = {Oxford},
	title = {Tonal {Pitch} {Space}},
	publisher = {Oxford University Press},
	author = {Lerdahl, Fred},
	year = {2001}
}

@book{Cohn2012,
	address = {Oxford},
	title = {Audacious {Euphony}: {Chromatic} {Harmony} and the {Triad}'s {Second} {Nature}},
	publisher = {Oxford University Press},
	author = {Cohn, Richard},
	year = {2012},
}

@book{Tymoczko2011,
	address = {Oxford},
	title = {A {Geometry} of {Music}: {Harmony} and {Counterpoint} in the {Extended} {Common} {Practice}},
	publisher = {Oxford University Press},
	author = {Tymoczko, Dmitri},
	year = {2011},
}

@article{horton_form_2018,
	title = {Form and {Orbital} {Tonality} in the {Finale} of {Bruckner}'s {Seventh} {Symphony}},
	volume = {37},
	url = {http://doi.wiley.com/10.1111/musa.12124},
	doi = {10.1111/musa.12124},
	number = {3},
	urldate = {2019-05-13},
	journal = {Music Analysis},
	author = {Horton, Julian},
	year = {2018},
	pages = {271--309},
}

@book{Shanahan2020,
	address = {Oxford},
	title = {Oxford {Handbook} of {Music} and {Corpus} {Studies}},
	publisher = {Oxford University Press},
	editor = {Shanahan, Daniel and Burgoyne, John Ashley and Quinn, Ian},
	pubstate = {forthcoming}
}


@article{Horton2018,
	title = {Form and {Orbital} {Tonality} in the {Finale} of {Bruckner}'s {Seventh} {Symphony}},
	volume = {37},
	url = {http://doi.wiley.com/10.1111/musa.12124},
	doi = {10.1111/musa.12124},
	number = {3},
	journal = {Music Analysis},
	author = {Horton, Julian},
	year = {2018},
	pages = {271--309},
}

@book{Temperley2001,
	title = {The {Cognition} of {Basic} {Musical} {Structures}},
	publisher = {MIT Press},
	author = {Temperley, David},
	year = {2001},
}

@misc{Moss2020,
	title = {Tonal {Pitch}-{Class} {Counts} {Corpus} ({TP3C}) ({Version} v1.0.0)},
	url = {https://zenodo.org/record/3600088#.XhQ12kdKhjE},
	urldate = {2020-01-07},
	publisher = {Zenodo},
	author = {Moss, Fabian C. and Neuwirth, Markus and Rohrmeier, Martin},
	year = {2020},
	doi = {10.5281/zenodo.3600088},
	note = {type: dataset},
}


@article{Cohn1998,
	title = {Introduction to {Neo}-{Riemannian} {Theory}: {A} {Survey} and a {Historical} {Perspective}},
	volume = {42},
	number = {2},
	journal = {Journal of Music Theory},
	author = {Cohn, Richard},
	year = {1998},
	keywords = {Theory, Transformational, NRT, Transformational Theory},
	pages = {167--180},
}


@book{Hostinsky1879,
	address = {Prague},
	title = {Die {Lehre} von den musikalischen {Klängen}: ein {Beitrag} zur aesthetischen {Begründung} der {Harmonielehre}},
	publisher = {H. Dominicus},
	author = {Hostinský, Otakar},
	year = {1879}
}


@book{Jolliffe2002,
	address = {New York},
	edition = {2},
	series = {Springer {Series} in {Statistics}},
	title = {Principal {Component} {Analysis}},
	language = {en},
	urldate = {2019-11-04},
	publisher = {Springer-Verlag},
	author = {Jolliffe, I. T.},
	year = {2002},
	doi = {10.1007/b98835},
}


@article{Tenenbaum2000,
	title = {A {Global} {Geometric} {Framework} for {Nonlinear} {Dimensionality} {Reduction}},
	volume = {290},
	issn = {0036-8075, 1095-9203},
	url = {https://science.sciencemag.org/content/290/5500/2319},
	doi = {10.1126/science.290.5500.2319},
	language = {en},
	number = {5500},
	urldate = {2019-11-04},
	journal = {Science},
	author = {Tenenbaum, Joshua B. and Silva, Vin de and Langford, John C.},
	year = {2000},
	pmid = {11125149},
	pages = {2319--2323},
}


@article{Kruskal1964,
	title = {Multidimensional scaling by optimizing goodness of fit to a nonmetric hypothesis},
	volume = {29},
	doi = {10.1007/BF02289565},
	number = {1},
	urldate = {2019-11-04},
	journal = {Psychometrika},
	author = {Kruskal, J. B.},
	year = {1964},
	pages = {1--27},
}


@article{Zanette2006,
	title = {Zipf's law and the creation of musical context},
	volume = {X},
	number = {1},
	journal = {Musicae Scientiae},
	author = {Zanette, Damián H.},
	year = {2006},
	pages = {3--18},
}

@article{Lieck2020,
	title = {The {Tonal} {Diffusion} {Model}},
	author = {Lieck, Robert and Moss, Fabian C. and Rohrmeier, Martin},
	pubstate = {in review}
}

@article{Moss2020b,
	title = {Modeling historical changes in pitch-class distributions},
	author = {Moss, Fabian C. and Lieck, Robert and Rohrmeier, Martin},
	pubstate = {in prep.}
}

@article{Neuwirth2018,
	title = {The {Annotated} {Beethoven} {Corpus} ({ABC}): {A} {Dataset} of {Harmonic} {Analyses} of {All} {Beethoven} {String} {Quartets}},
	volume = {5},
	doi = {10.3389/fdigh.2018.00016},
	number = {July},
	journal = {Frontiers in Digital Humanities},
	author = {Neuwirth, Markus and Harasim, Daniel and Moss, Fabian C. and Rohrmeier, Martin},
	year = {2018},
	pages = {1--5}
}

@incollection{Hyer2001,
	address = {London},
	edition = {2},
	title = {Tonality},
	booktitle = {The {New} {Grove} {Dictionary} of {Music} and {Musicians}},
	publisher = {Macmillan Publishers},
	author = {Hyer, Brian},
	editor = {Sadie, Stanley and Tyrrell, John},
	year = {2001},
	keywords = {Tonality},
	pages = {583--594},
}

@book{Caplin1998,
	address = {New York},
	title = {Classical {Form}: {A} {Theory} of {Formal} {Functions} for the {Instrumental} {Music} of {Haydn}, {Mozart} and {Beethoven}},
	publisher = {Oxford University Press},
	author = {Caplin, William E.},
	year = {1998},
}

@book{Cadwallader1998,
	title = {Analysis of {Tonal} {Music}. {A} {Schenkerian} {Approach}},
	publisher = {Oxford University Press},
	author = {Cadwallader, Allen and Gagné, David},
	year = {1998}
}

@book{Zipf1949,
	address = {Oxford, England},
	title = {Human behavior and the principle of least effort},
	publisher = {Addison-Wesley Press},
	author = {Zipf, George Kingsley},
	year = {1949},
}
