@article{Cook2006,
    author     = {Cook, Nicholas},
    year       = {2006},
    title      = {{Border Crossings: A Commentary on Henkjan Honing's "On the Growing Role of Observation, Formalization and Experimental Method in Musicology"}},
    journal    = {Empirical Musicology Review},
    volume     = {1},
    number     = {1},
    pages      = {7--11}
}

@article{Honing2006,
    author     = {Honing, Henkjan},
    year       = {2006},
    title      = {{On the Growing Role of Observation, Formalization and Experimental Method in Musicology}},
    journal    = {Empirical Musicology Review},
    volume     = {1},
    number     = {1},
    pages      = {2--6}
}

@article{Huron2013,
    author     = {Huron, David},
    year       = {2013},
    title      = {{On the Virtuous and the Vexatious in an Age of Big Data}},
    journal    = {Music Perception: An Interdisciplinary Journal},
    volume     = {31},
    number     = {1},
    pages      = {4--9}
}

@inbook{Marsden2016,
    author     = {Marsden, Alan},
    year       = {2016},
    title      = {Music Analysis by Computer: Ontology and Epistemology},
    editor     = {Meredith, David},
    booktitle  = {Computational Music Analysis},
    publisher  = {Springer}
}

@article{Neuwirth2016,
    author     = {Neuwirth, Markus and Rohrmeier, Martin},
    year       = {2016},
    title      = {{Wie wissenschaftlich muss Musiktheorie sein? Chancen und Herausforderungen musikalischer Korpusforschung}},
    journal    = {Zeitschrift der Gesellschaft f√ºr Musiktheorie},
    volume     = {13},
    number     = {2},
    pages      = {171--193}
}

@book{Pfleiderer2017,
    author     = {Pfleiderer, Martin},
    title      = {Inside the Jazzomat: New Perspectives for Jazz Research},
    year       = {2017},
    publisher  = {Schott}
}

@article{Pugin2005,
    author     = {Pugin, Laurent},
    year       = {2015},
    title      = {The Challenge of Data in Digital Musicology},
    journal    = {Frontiers in Digital Humanities},
    volume     = {2},
    number     = {4},
    pages      = {1--3}
}

@misc{Schaffer2016,
  author       = {Schaffer, Kris},
  title        = {What is Computational Musicology?},
  howpublished = {online},
  year         = {2016},
  url          = {https://medium.com/@krisshaffer/what-is-computational-musicology-f25ee0a65102}
}  

@article{Temperley2013,
  author          = {Temperley, David and VanHandel, Leigh},
  title           = {{Introduction to the Special Issue on Corpus Methods}},
  journal         = {Music Perception: An Interdisciplinary Journal},
  volume          = {31},
  number          = {1},
  year            = {2013},
  pages           = {1--3}
}